@inproceedings{leijen2004wxhaskell,
  title="{wxHaskell}: a portable and concise {GUI} library for {H}askell",
  author={Leijen, D.},
  booktitle="{Proceedings of the 2004 ACM SIGPLAN workshop on Haskell}",
  pages={57--68},
  year={2004},
  organization={ACM}
}

@article{plasmeijer2007itasks,
  title="{{iTasks}: executable specifications of interactive work flow systems for the web}",
  author={Plasmeijer, R. and Achten, P. and Koopman, P.},
  journal="{ACM SIGPLAN Notices}",
  volume={42},
  number={9},
  pages={141--152},
  year={2007},
  publisher={ACM}
}

@inproceedings{jansen2010embedding,
  title={Embedding a web-based workflow management system in a functional language},
  author={Jansen, J.M. and Plasmeijer, R. and Koopman, P. and Achten, P.},
  booktitle={Proceedings of the Tenth Workshop on Language Descriptions, Tools and Applications},
  pages={7},
  year={2010},
  organization={ACM}
}

@misc{vanbuilding,
  title={Building {GUI}s in {H}askell},
  author={van Noort, T.}
}

